<record><leader>00000cas a22000007a 4500</leader><controlfield tag="001">9972200</controlfield><controlfield tag="008">831001d18601909nyuwr ne      0    0eng d</controlfield><controlfield tag="009">3781</controlfield><datafield ind1=" " ind2=" " tag="010"><subfield code="a">sn 83031789 </subfield></datafield><datafield ind1=" " ind2=" " tag="040"><subfield code="a">NPU</subfield><subfield code="b">eng</subfield><subfield code="c">NPU</subfield><subfield code="d">DLC</subfield><subfield code="d">NPX</subfield><subfield code="d">NYS</subfield><subfield code="d">OCL</subfield><subfield code="d">KRTAS</subfield><subfield code="d">OCLCF</subfield><subfield code="d">OCLCO</subfield></datafield><datafield ind1="1" ind2=" " tag="029"><subfield code="a">AU@</subfield><subfield code="b">000020227421</subfield></datafield><datafield ind1=" " ind2=" " tag="042"><subfield code="a">msc</subfield></datafield><datafield ind1="0" ind2="0" tag="050"><subfield code="a">Newspaper 8829-X</subfield></datafield><datafield ind1="0" ind2=" " tag="130"><subfield code="a">Journal and Republican (Lowville, N.Y. : 1860)</subfield></datafield><datafield ind1="0" ind2="4" tag="245"><subfield code="a">The journal and Republican.</subfield></datafield><datafield ind1="0" ind2="3" tag="246"><subfield code="a">Journal Republican</subfield></datafield><datafield ind1=" " ind2=" " tag="260"><subfield code="a">Lowville, N.Y. :</subfield><subfield code="b">H.A. Phillips,</subfield><subfield code="c">1860-1909.</subfield></datafield><datafield ind1=" " ind2=" " tag="300"><subfield code="a">50 v. :</subfield><subfield code="b">ill. ;</subfield><subfield code="c">62-66 cm.</subfield></datafield><datafield ind1=" " ind2=" " tag="310"><subfield code="a">Weekly</subfield></datafield><datafield ind1="0" ind2=" " tag="362"><subfield code="a">Vol. 1, no. 1 (Jan. 4, 1860)-v. 50, no. 23 (Apr. 21, 1909).</subfield></datafield><datafield ind1=" " ind2=" " tag="500"><subfield code="a">"And" appears within title ornament, &lt;1862&gt;; &lt;1871-1872&gt;.</subfield></datafield><datafield ind1=" " ind2=" " tag="500"><subfield code="a">Editors: Henry A. Phillips, &lt;1862&gt;; Amos V. Smiley, &lt;1865-1876&gt;; Solon M. Hazen, &lt;1865&gt;.</subfield></datafield><datafield ind1=" " ind2=" " tag="500"><subfield code="a">Publishers: Henry A. Phillips, 1860-&lt;1862&gt;; Amos V. Smiley &amp; Solon M. Hazen, &lt;1865&gt;; Amos V. Smiley, &lt;1867-1876&gt;; H.A. Phillips, &lt;1901&gt;.</subfield></datafield><datafield ind1=" " ind2=" " tag="500"><subfield code="a">"Republican."</subfield></datafield><datafield ind1=" " ind2="0" tag="651"><subfield code="a">Lowville (N.Y.)</subfield><subfield code="v">Newspapers.</subfield></datafield><datafield ind1=" " ind2="0" tag="651"><subfield code="a">Lewis County (N.Y.)</subfield><subfield code="v">Newspapers.</subfield></datafield><datafield ind1=" " ind2="7" tag="655"><subfield code="a">Newspapers.</subfield><subfield code="2">fast</subfield><subfield code="0">(OCoLC)fst01423814</subfield></datafield><datafield ind1=" " ind2="7" tag="651"><subfield code="a">New York (State)</subfield><subfield code="z">Lewis County.</subfield><subfield code="2">fast</subfield><subfield code="0">(OCoLC)fst01219434</subfield></datafield><datafield ind1=" " ind2="7" tag="651"><subfield code="a">New York (State)</subfield><subfield code="z">Lowville.</subfield><subfield code="2">fast</subfield><subfield code="0">(OCoLC)fst01220447</subfield></datafield><datafield ind1=" " ind2=" " tag="752"><subfield code="a">United States</subfield><subfield code="b">New York</subfield><subfield code="c">Lewis</subfield><subfield code="d">Lowville.</subfield></datafield><datafield ind1="0" ind2="4" tag="780"><subfield code="t">Northern journal (Lowville, N.Y.)</subfield><subfield code="w">(DLC)sn 84024296</subfield></datafield><datafield ind1="0" ind2="4" tag="780"><subfield code="t">Lewis County Republican</subfield><subfield code="w">(DLC)sn 83031248</subfield></datafield><datafield ind1="0" ind2="7" tag="785"><subfield code="t">Lowville times (Lowville, N.Y. : 1896)</subfield><subfield code="w">(DLC)sn 89071376</subfield><subfield code="w">(OCoLC)20273838</subfield></datafield><datafield ind1="0" ind2="7" tag="785"><subfield code="t">Journal and Republican and Lowville times</subfield><subfield code="w">(DLC)sn 93063681</subfield><subfield code="w">(OCoLC)29298094</subfield></datafield><datafield ind1=" " ind2=" " tag="938"><subfield code="a">Kirtas Technologies, Inc.</subfield><subfield code="b">KRTS</subfield><subfield code="n">737508</subfield></datafield></record>